@book{ogata2003ingenieria,
	title={Ingeniería de control moderna},
	author={Ogata, Katsuhiko},
	year={2003},
	publisher={Pearson Educación},
	pagestotal={904},
	location={Madrid, España},
	edition={5},
}

@book{creus2010instrumentacion,
	title={Instrumentación Industrial},
	author={Creus, Antonio},
	publisher={Alfaomega},
	year={2010},
	pagestotal={792},
	location={Barcelona, España},
	edition={8},
}

@book{kuo1996sistemas,
	title={Sistemas de control automático},
	author={Kuo, Benjamin C},
	publisher={Prentice Hall Hispanoamericana},
	year={1996},
	location={México},
	edition={7}
}

@article{cadavid2009toolbox,
	title={Toolbox didáctico para el diseño y análisis de sistemas de control lineal},
	author={Gómez, Juan Camilo},
	journal={Revista Educación en Ingeniería},
	volume={4},
	number={8},
	pages={155--169},
	year={2009},
	url={http://www.educacioneningenieria.org/index.php/edi/article/download/96/86},
	urldate={2019-06-13}
}

@book{sanchez2003control,
	title={Control avanzado de procesos:(teoría y práctica)},
	author={Sánchez, José Acedo},
	year={2003},
	publisher={Ediciones Díaz de Santos},
	location={Madrid, España}
}

@book{smith1985principles,
	title={Principles and practice of automatic process control},
	author={Smith, Carlos A and Corripio, Armando B},
	edition={2},
	year={1985},
	publisher={Wiley New York},
	location={New York, United States}
}

@book{maloney2006electronica,
	title={Electrónica industrial moderna},
	author={Maloney, Timothy J},
	year={2006},
	publisher={Pearson Educación},
	location={México},
	edition={5},
}

@book{nilsson1995circuitos,
	title={Circuitos eléctricos},
	author={Nilsson, James W and Riedel, Susan A},
	year={2005},
	publisher={Pearson Educación},
	location={Madrid, España},
	edition={7}
}

@book{sampieri1998metodologia,
	title={Metodología de la investigación},
	author={Hernández, Roberto  and Fernández, Carlos and Lucio, Baptista,Maria del Pilar},
	edition={5},
	year={2010},
	publisher={Mcgraw-hill},
	location={México}
}

@book{nelson1999fundamentos,
	title={Fundamentos prácticos para el control de procesos},
	author={Mata, Nelson C},
	year={1999},
	publisher={MCL CONTROL},
	location={Caracas, Venezuela}
}

@book{cruz2010inteligencia,
	title={Inteligencia artificial con aplicaciones a la ingeniería},
	author={Ponce, Pedro Cruz },
	year={2010},
	publisher={Alfaomega},
	location={México}
}

@thesis{riid2003transparent,
	title={Transparent Fuzzy Systems: modelling and control},
	author={Riid, Andri},
	type={phdthesis},
	year={2002},
	url={https://www.researchgate.net/publication/34752921_Transparent_Fuzzy_Systems_Modeling_and_Control},
	urldate={2019-06-14},
	institution={Tallinn Technical University},
	location={Tallinn, Estonia}
}

@online{guido2017tutorial,
	author = {Van Rossum, Guido},
	title = {El tutorial de Python},
	date = {2017},
	url = {http://docs.python.org.ar/tutorial/pdfs/TutorialPython3.pdf},
	urldate = {2019-06-15},
}

@mvcollection{jacquelin2010guia,
	editor = {Hurtado de Barrera, Jacquelin},
	title = {Guía para la comprensión holística de la ciencia},
	date = {2010},
	edition = {3},
	volumes = {2},
	location = {Caracas, Venezuela},
	publisher={Fundación Sypal},
}

@article{renie2002factible,
	author = {Dubs de Moya, Renie},
	title = {El Proyecto Factible: una modalidad de investigación},
	journal = {Sapiens. Revista Universitaria de Investigación},
	date = {2002},
	volume = {3},
	number = {2},
	publisher = {Universidad Pedagógica Experimental Libertador},
	location = {Caracas, Venezuela},
	url = {http://www.redalyc.org/pdf/410/41030203.pdf},
	urldate = {2019-06-15}
}

@article{casallas2005desarrollo,
	title={Desarrollo básico de un Laboratorio Virtual de Control de Procesos basado en Internet},
	author={Casallas, Ricardo and Chacón, Rafael and Rivera, Fausto Posso},
	journal={Acción pedagógica},
	volume={14},
	number={1},
	pages={58--65},
	year={2005},
	publisher={Universidad de Los Andes (ULA)},
	url={https://dialnet.unirioja.es/descarga/articulo/2969002.pdf},
	urldate={2019-06-16}
}

@article{lara2013herramientas,
	title={Herramientas de software libre para aplicaciones en ciencias e ingeniería},
	author={Herrera, Roberto Carlos},
	journal={Revista Politécnica},
	volume={32},
	year={2013},
	number={1},
	url={http://revistapolitecnica.epn.edu.ec/ojs2/index.php/revista_politecnica2/article/download/30/pdf},
	urldate = {2019-05-28}
}

@article{nogueras2008python,
	title={Python como entorno de desarrollo científico.},
	author={Nogueras, Guillem Borrel},
	url={http://torroja.dmt.upm.es/media/files/paper.pdf},
	year={2008},
	urldate = {2019-05-29}
}

@book{Suarez,
	author = {Suárez, Miguel Ángel},
	year = {2014},
	pagestotal = {106},
	title = {Ciencias e Ingeniería para estudiantes de Python},
	url={https://www.researchgate.net/publication/313664762_Ciencias_e_Ingenieria_para_estudiantes_de_Python},
	urldate = {2019-06-07}
}

@thesis{salazar2019diseno,
	author = {Salazar, Leandro Joel},
	title = {Diseño de un sistema de riego inteligente para cultivos de hortalizas basado en Fuzzy Logic en la granja la pradera de la Universidad Técnica del Norte},
	type = {Tesis de pregrado},
	institution = {Universidad Técnica del Norte},
	date = {2019},
	address = {Ecuador},
	url = {http://repositorio.utn.edu.ec/jspui/bitstream/123456789/9137/1/04\%20RED\%20219\%20TRABAJO\%20DE\%20GRADO.pdf},
	urldate = {2019-06-08}
}

@thesis{congo2018aplicaciones,
	author = {Congo, Jairo Wladimir},
	title = {Aplicaciones del software libre Python para prácticas de laboratorio aplicado a la asignatura de tratamiento digital de señales de la Universidad Tecnológica Israel},
	type = {Tesis de pregrado},
	school = {Universidad Tecnológica Israel},
	date = {2018},
	address = {Ecuador},
	url = {http://157.100.241.244/bitstream/47000/1626/1/UISRAEL-EC-ELDT-378.242-2018-042.pdf},
	urldate = {2019-06-09}	
}

@Misc{pep20,
	author =    {Tim Peters},
	title =     {The Zen of Python},
	year =      {2004},
	url = {https://www.python.org/dev/peps/pep-0020/},
	urldate = {2019-06-01},
}

@Misc{numpy,
	author =    {Travis Oliphant},
	title =     {NumPy: A guide to NumPy},
	year =      {2006},
	howpublished = {USA: Trelgol Publishing},
	url = {http://www.numpy.org/},
	urldate = {2019-05-31},
}

@Misc{scipy,
	author =    {Eric Jones and Travis Oliphant and Pearu Peterson and others},
	title =     {SciPy: Open source scientific tools for Python},
	year =      {2001},
	url = {https://www.scipy.org/scipylib/index.html},
	urldate = {2019-06-01},
}

@software{pythoncontrol,
	author = {},
	title = {Control Systems Library for Python},
	year = {2017},
	publisher = {GitHub},
	journal = {GitHub repository},
	url = {https://python-control.readthedocs.io/en/0.8.2/},
	urldate = {2019-06-01},
}

@Article{Hunter:2007,
	Author    = {Hunter, J. D.},
	Title     = {Matplotlib: A 2D graphics environment},
	Journal   = {Computing in Science \& Engineering},
	Volume    = {9},
	Number    = {3},
	Pages     = {90--95},
	abstract  = {Matplotlib is a 2D graphics package used for Python for
	application development, interactive scripting, and publication-quality
	image generation across user interfaces and operating systems.},
	publisher = {IEEE COMPUTER SOC},
	url       = {https://ieeexplore.ieee.org/document/4160265},
	urldate   = {2019-06-01},
	year      = 2007
}

@software{warner2016fuzzy,
	author = {Warner, Josh and Sexauer, Jason and twmeggs and Alexandre M. S. and Unnikrishnan, Aishwarya and Castelão, Guilherme and Batista, Fernando and The Gitter Badger and Mishra,Himanshu},
	title = {Scikit-Fuzzy: fuzzy logic library for python},
	publisher = {Github},
	year = {2016},
	url = {https://github.com/scikit-fuzzy/scikit-fuzzy},
	urldate = {2019-06-16},
}

@article{haugen2005discrete,
	title={Discrete-time signals and systems},
	author={Haugen, Finn},
	year={2005},
	publisher={TechTeach},
	url = {http://techteach.no/publications/discretetime_signals_systems/discrete.pdf},
	urldate = {2019-09-18},
	location={Skien, Norway}
}

@book{horacio1997metodos,
	title={Métodos Numéricos},
	author={Martinez, Horacio},
	year={1997},
	publisher={Tecnológico de Monterrey},
	location={México},
	url={http://www.mty.itesm.mx/dtie/deptos/cb/cb00854-1/Apuntes/HMA/MN06fED.pdf},
	urldate = {2019-09-18}
}

@article{roganprogramacion,
	title={PROGRAMACION Y METODOS NUMERICOS},
	author={Rogan, José and Muñoz, Víctor},
	journal={Departamento de Física, Universidad de Chile},
	url={https://macul.ciencias.uchile.cl/~vmunoz/homepage/cursos/programacion_avanzada/2012/mfm0-09.pdf},
	urldate = {2019-09-18}
}

@book{hairer1991solving,
	title={Solving ordinary differential equations I, Nonstiff problems},
	author={Hairer, Ernst and N{\o}rsett, Syvert P and Wanner, Gerhard},
	year={1993},
	publisher={Springer-Vlg},
	location={Berlin, Alemania},
	edition={2.\textsuperscript{a} ed. rev.}
}

@thesis{ritschel2013numerical,
	title={Numerical Methods For Solution of Differential Equations},
	author={Ritschel, Tobias},
	year={2013},
	institution={Technical University of Denmark},
	type = {Tesis de pregrado},
	address={Dinamarca},
	url={http://www2.imm.dtu.dk/pubdb/views/edoc_download.php/6607/pdf/imm6607.pdf},
	urldate = {2019-09-05}
}

@book{dorf2011modern,
	title={Modern control systems},
	author={Dorf, Richard and Bishop, Robert},
	year={2011},
	edition={12},
	publisher={Prentice Hall},
	location={New Jersey, United States}
}

@article{aastrom2002control,
	title={Control system design lecture notes for ME 155a},
	author={{\AA}str{\"o}m, Karl},
	journal={Department of Mechanical and Environmental Engineering, University of California Santa Barbara},
	year={2002},
	url={http://orion-voyage.com.ua/userfiles/pdf/astrom_-_control_system_design_1288292182.pdf},
	urldate={2019-09-24}
}

@manual{apcoCC,
	author = {APCO-Inc},
	title = {Open Loop Tuning Rules
			Based on approximate process models},
	url={http://educypedia.karadimov.info/library/pidtune2.pdf},
	urldate={2019-09-24}
}

@article{clavier2017tecnicas,
	title={Técnicas de lógica difusa en ingeniería de control},
	author={Matute, Arnaldo  and Bernal, William },
	journal={Ciencia, Innovación y Tecnología},
	volume={3},
	pages={125--134},
	year={2017},
	url={https://jdc.edu.co/revistas/index.php/rciyt/article/view/81},
	urldate={2019-09-29}
}


@suppcollection{fernandez2013control,
	author = {Fernández-Cantí, Rosa},
	title = {Tema 4. Control digital},
	booktitle = {Sistemas Electrónicos de Control},
	date = {2013},
	url = {https://ocw.upc.edu/sites/all/modules/ocw/estadistiques/download.php?file=11608/2011/1/53985/sec_tema_4_control_digital_1314a_ocw-5203.pdf},
	urldate = {2019-10-08},
}

@article{hori1992matched,
	author = {Hori, N. and Cormier, R. and Kanai, K.},
	date = {1992},
	pages = {273 - 278},
	title = {Matched pole-zero discrete-time models},
	volume = {139},
	number = {3},
	journal = {Control Theory and Applications, IEE Proceedings D},
	url = {https://www.researchgate.net/publication/3360909_Matched_pole-zero_discrete-time_models},
	urldate = {2019-10-08}
}

@article{butcher1964runge,
	title={On Runge-Kutta processes of high order},
	author={Butcher, John},
	journal={Journal of the Australian Mathematical Society},
	volume={4},
	number={2},
	pages={179--194},
	date={1964},
	publisher={Cambridge University Press},
	url={https://www.cambridge.org/core/services/aop-cambridge-core/content/view/40DFE501CAB781C9AAE1439B6B8F481A/S1446788700023387a.pdf/on_rungekutta_processes_of_high_order.pdf},
	urldate = {2019-10-08}
}