@book{ogata2003ingenieria,
	title={Ingeniería de control moderna},
	author={Ogata, Katsuhiko},
	year={2003},
	publisher={Pearson Educación},
	pagestotal={904},
	location={Madrid, España},
}

@book{creus2010instrumentacion,
	title={Instrumentación Industrial},
	author={Creus, Antonio},
	publisher={Alfaomega},
	year={2010},
	pagestotal={792},
	location={Barcelona, España},
}

@book{kuo1996sistemas,
	title={Sistemas de control automático},
	author={Kuo, Benjamin C},
	publisher={Prentice Hall Hispanoamericana},
	year={1996},
	location={México},
}

@article{cadavid2009toolbox,
	title={Toolbox didáctico para el diseño y análisis de sistemas de control lineal},
	author={Gómez, Juan Camilo},
	journal={Revista Educación en Ingeniería},
	volume={4},
	number={8},
	pages={155--169},
	year={2009},
	url={http://www.educacioneningenieria.org/index.php/edi/article/download/96/86},
	urldate={2019-06-13}
}

@book{sanchez2003control,
	title={Control avanzado de procesos:(teoría y práctica)},
	author={Sánchez, José Acedo},
	year={2003},
	publisher={Ediciones Díaz de Santos},
	location={Madrid, España}
}

@book{smith1985principles,
	title={Principles and practice of automatic process control},
	author={Smith, Carlos A and Corripio, Armando B},
	edition={2},
	year={1985},
	publisher={Wiley New York},
	location={New York, United States}
}

@book{maloney2006electronica,
	title={Electrónica industrial moderna},
	author={Maloney, Timothy J},
	year={2006},
	publisher={Pearson Educación},
	location={México},
	edition={5},
}

@book{nilsson1995circuitos,
	title={Circuitos eléctricos},
	author={Nilsson, James W and Riedel, Susan A},
	year={2005},
	publisher={Pearson Educación},
	location={Madrid, España},
	edition={7}
}

@book{nelson1999fundamentos,
	title={Fundamentos prácticos para el control de procesos},
	author={Mata, Nelson C},
	year={1999},
	publisher={MCL CONTROL},
	location={Caracas, Venezuela}
}

@book{cruz2010inteligencia,
	title={Inteligencia artificial con aplicaciones a la ingeniería},
	author={Ponce, Pedro Cruz },
	year={2010},
	publisher={Alfaomega},
	location={México}
}

@thesis{riid2003transparent,
	title={Transparent Fuzzy Systems: modelling and control},
	author={Riid, Andri},
	type={phdthesis},
	year={2002},
	url={https://www.researchgate.net/publication/34752921_Transparent_Fuzzy_Systems_Modeling_and_Control},
	urldate={2019-06-14},
	institution={Tallinn Technical University},
	location={Tallinn, Estonia}
}

@online{guido2017tutorial,
	author = {Van Rossum, Guido},
	title = {El tutorial de Python},
	date = {2017},
	url = {http://docs.python.org.ar/tutorial/pdfs/TutorialPython3.pdf},
	urldate = {2019-06-15},
}

@book{hurtado2010guia,
	title={Guía para la comprensión holística de la ciencia},
	author={Hurtado de Barrera, Jacquelin},
	publisher={Fundación Sypal},
	location={Caracas, Venezuela},
	year={2010},
}

@mvcollection{jacquelin2010guia,
	editor = {Hurtado de Barrera, Jacquelin},
	title = {Guía para la comprensión holística de la ciencia},
	date = {2010},
	edition = {3},
	volumes = {2},
	location = {Caracas, Venezuela},
	publisher={Fundación Sypal},
}

@article{renie2002factible,
	author = {Dubs de Moya, Renie},
	title = {El Proyecto Factible: una modalidad de investigación},
	journal = {Sapiens. Revista Universitaria de Investigación},
	date = {2002},
	volume = {3},
	number = {2},
	publisher = {Universidad Pedagógica Experimental Libertador},
	location = {Caracas, Venezuela},
	url = {http://www.redalyc.org/pdf/410/41030203.pdf},
	urldate = {2019-06-15}
}

@article{casallas2005desarrollo,
	title={Desarrollo básico de un Laboratorio Virtual de Control de Procesos basado en Internet},
	author={Casallas, Ricardo and Chacón, Rafael and Rivera, Fausto Posso},
	journal={Acción pedagógica},
	volume={14},
	number={1},
	pages={58--65},
	year={2005},
	publisher={Universidad de Los Andes (ULA)},
	url={https://dialnet.unirioja.es/descarga/articulo/2969002.pdf},
	urldate={2019-06-16}
}

@article{lara2013herramientas,
	title={Herramientas de software libre para aplicaciones en ciencias e ingeniería},
	author={Herrera, Roberto Carlos},
	journal={Revista Politécnica},
	volume={32},
	year={2013},
	number={1},
	url={http://revistapolitecnica.epn.edu.ec/ojs2/index.php/revista_politecnica2/article/download/30/pdf},
	urldate = {2019-05-28}
}

@article{nogueras2008python,
	title={Python como entorno de desarrollo científico.},
	author={Nogueras, Guillem Borrel},
	url={http://torroja.dmt.upm.es/media/files/paper.pdf},
	year={2008},
	urldate = {2019-05-29}
}

@book{Suarez,
	author = {Suárez, Miguel Ángel},
	year = {2014},
	pagestotal = {106},
	title = {Ciencias e Ingeniería para estudiantes de Python},
	url={https://www.researchgate.net/publication/313664762_Ciencias_e_Ingenieria_para_estudiantes_de_Python},
	urldate = {2019-06-07}
}

@article{gianlucauso,
	title = {El uso del Python como herramienta para el análisis de la industria eléctrica},
	author = {Eulate, Gonzalo Oscar and Eulate, Alejandro Gianluca},
	year = {2016},
	journal = {Colegio de Ingenieros Electricistas y Electrónicos},
	url = {http://geulate.okicode.com/PythonOE.pdf},
	urldate = {2019-05-29}
	
}

@thesis{salazar2019diseno,
	author = {Salazar, Leandro Joel},
	title = {Diseño de un sistema de riego inteligente para cultivos de hortalizas basado en Fuzzy Logic en la granja la pradera de la Universidad Técnica del Norte},
	type = {Tesis de pregrado},
	institution = {Universidad Técnica del Norte},
	date = {2019},
	address = {Ecuador},
	url = {http://repositorio.utn.edu.ec/jspui/bitstream/123456789/9137/1/04\%20RED\%20219\%20TRABAJO\%20DE\%20GRADO.pdf},
	urldate = {2019-06-08}
}

@thesis{congo2018aplicaciones,
	author = {Congo, Jairo Wladimir},
	title = {Aplicaciones del software libre Python para prácticas de laboratorio aplicado a la asignatura de tratamiento digital de señales de la Universidad Tecnológica Israel},
	type = {Tesis de pregrado},
	school = {Universidad Tecnológica Israel},
	date = {2018},
	address = {Ecuador},
	url = {http://157.100.241.244/bitstream/47000/1626/1/UISRAEL-EC-ELDT-378.242-2018-042.pdf},
	urldate = {2019-06-09}	
}

@article{challenger2014lenguaje,
	title={El lenguaje de programación Python},
	author={Challenger, Ivet and Díaz, Yanet and Becerra, Roberto Antonio},
	journal={Ciencias Holguín},
	volume={20},
	number={2},
	year={2014},
	publisher={Centro de Información y Gestión Tecnológica de Santiago de Cuba},
	url = {https://www.redalyc.org/service/redalyc/downloadPdf/1815/181531232001/6},
	urldate = {2019-05-31},
}

@Misc{pep20,
	author =    {Tim Peters},
	title =     {The Zen of Python},
	year =      {2004},
	url = {https://www.python.org/dev/peps/pep-0020/},
	urldate = {2019-06-01},
}

@Misc{numpy,
	author =    {Travis Oliphant},
	title =     {NumPy: A guide to NumPy},
	year =      {2006},
	howpublished = {USA: Trelgol Publishing},
	url = {http://www.numpy.org/},
	urldate = {2019-05-31},
}

@Misc{scipy,
	author =    {Eric Jones and Travis Oliphant and Pearu Peterson and others},
	title =     {SciPy: Open source scientific tools for Python},
	year =      {2001},
	url = {https://www.scipy.org/scipylib/index.html},
	urldate = {2019-06-01},
}

@software{pythoncontrol,
	author = {},
	title = {Control Systems Library for Python},
	year = {2017},
	publisher = {GitHub},
	journal = {GitHub repository},
	url = {https://python-control.readthedocs.io/en/0.8.2/},
	urldate = {2019-06-01},
}

@inproceedings{mcfee2015librosa,
	title={librosa: Audio and music signal analysis in python},
	author={McFee, Brian and Raffel, Colin and Liang, Dawen and Ellis, Daniel PW and McVicar, Matt and Battenberg, Eric and Nieto, Oriol},
	booktitle={Proceedings of the 14th python in science conference},
	pages={18--25},
	year={2015},
	url = {http://www.academia.edu/download/40296500/librosa.pdf},
	urldate = {2019-06-01},
}

@Article{Hunter:2007,
	Author    = {Hunter, J. D.},
	Title     = {Matplotlib: A 2D graphics environment},
	Journal   = {Computing in Science \& Engineering},
	Volume    = {9},
	Number    = {3},
	Pages     = {90--95},
	abstract  = {Matplotlib is a 2D graphics package used for Python for
	application development, interactive scripting, and publication-quality
	image generation across user interfaces and operating systems.},
	publisher = {IEEE COMPUTER SOC},
	url       = {https://ieeexplore.ieee.org/document/4160265},
	urldate   = {2019-06-01},
	year      = 2007
}

@software{warner2016fuzzy,
	author = {Warner, Josh and Sexauer, Jason and twmeggs and Alexandre M. S. and Unnikrishnan, Aishwarya and Castelão, Guilherme and Batista, Fernando and The Gitter Badger and Mishra,Himanshu},
	title = {Scikit-Fuzzy: fuzzy logic library for python},
	publisher = {Github},
	year = {2016},
	url = {https://github.com/scikit-fuzzy/scikit-fuzzy},
	urldate = {2019-06-16},
}
